
   <marc:record>
      <marc:leader>08079cam a2201657La 4500</marc:leader>
      <marc:controlfield tag="001">020000366</marc:controlfield>
      <marc:controlfield tag="006">m        u        </marc:controlfield>
      <marc:controlfield tag="007">cr cn|</marc:controlfield>
      <marc:controlfield tag="008">000112s1997    stka    s     000 0 eng d</marc:controlfield>
      <marc:datafield tag="020" ind1=" " ind2=" ">
         <marc:subfield code="z">0748611231</marc:subfield>
      </marc:datafield>
      <marc:datafield tag="020" ind1=" " ind2=" ">
         <marc:subfield code="a">0585159017 (electronic bk.)</marc:subfield>
      </marc:datafield>
      <marc:datafield tag="035" ind1=" " ind2=" ">
         <marc:subfield code="a">(OCoLC)43477395</marc:subfield>
      </marc:datafield>
      <marc:datafield tag="040" ind1=" " ind2=" ">
         <marc:subfield code="a">N$T</marc:subfield>
         <marc:subfield code="c">N$T</marc:subfield>
         <marc:subfield code="d">OCL</marc:subfield>
      </marc:datafield>
      <marc:datafield tag="043" ind1=" " ind2=" ">
         <marc:subfield code="a">e-uk-st</marc:subfield>
      </marc:datafield>
      <marc:datafield tag="050" ind1="1" ind2="4">
         <marc:subfield code="a">K8</marc:subfield>
         <marc:subfield code="b">.U5 1997eb</marc:subfield>
      </marc:datafield>
      <marc:datafield tag="082" ind1="0" ind2="4">
         <marc:subfield code="a">347.41</marc:subfield>
         <marc:subfield code="2">21</marc:subfield>
      </marc:datafield>
      <marc:datafield tag="245" ind1="0" ind2="4">
         <marc:subfield code="a">The reform of civil justice</marc:subfield>
         <marc:subfield code="h">[computer file] /</marc:subfield>
         <marc:subfield code="c">[contributors, Brian G.M. Main ... et al.].</marc:subfield>
      </marc:datafield>
      <marc:datafield tag="260" ind1=" " ind2=" ">
         <marc:subfield code="a">Edinburgh :</marc:subfield>
         <marc:subfield code="b">Edinburgh University Press,</marc:subfield>
         <marc:subfield code="c">c1997.</marc:subfield>
      </marc:datafield>
      <marc:datafield tag="300" ind1=" " ind2=" ">
         <marc:subfield code="a">x, 115 p. :</marc:subfield>
         <marc:subfield code="b">ill. ;</marc:subfield>
         <marc:subfield code="c">23 cm.</marc:subfield>
      </marc:datafield>
      <marc:datafield tag="440" ind1=" " ind2="0">
         <marc:subfield code="a">Hume papers on public policy ;</marc:subfield>
         <marc:subfield code="v">v. 5, no. 4</marc:subfield>
      </marc:datafield>
      <marc:datafield tag="504" ind1=" " ind2=" ">
         <marc:subfield code="a">Includes bibliographical references.</marc:subfield>
      </marc:datafield>
      <marc:datafield tag="505" ind1="0" ind2=" ">
         <marc:subfield code="a">An economic perspective on the cost of justice / Brian G. M. Main -- The changing landscape of Dispute Resolution / Richard Mays -- Fair notice - the role of written pleadings in the Scottish Justice System / Andrew Murray -- Judicial case management. The quiet but significant revolution / Rachel Wadia -- Access to justice? Lessons from the Sheriff court / David Parratt.</marc:subfield>
      </marc:datafield>
      <marc:datafield tag="650" ind1=" " ind2="0">
         <marc:subfield code="a">Justice, Administration of</marc:subfield>
         <marc:subfield code="z">Scotland.</marc:subfield>
      </marc:datafield>
      <marc:datafield tag="650" ind1=" " ind2="0">
         <marc:subfield code="a">Civil law</marc:subfield>
         <marc:subfield code="z">Scotland.</marc:subfield>
      </marc:datafield>
      <marc:datafield tag="650" ind1=" " ind2="0">
         <marc:subfield code="a">Civil law systems.</marc:subfield>
      </marc:datafield>
      <marc:datafield tag="655" ind1=" " ind2="7">
         <marc:subfield code="a">Electronic books.</marc:subfield>
         <marc:subfield code="2">local</marc:subfield>
      </marc:datafield>
      <marc:datafield tag="700" ind1="1" ind2=" ">
         <marc:subfield code="a">Main, Brian G. M.</marc:subfield>
      </marc:datafield>
      <marc:datafield tag="710" ind1="2" ind2=" ">
         <marc:subfield code="a">NetLibrary, Inc.</marc:subfield>
      </marc:datafield>
      <marc:datafield tag="710" ind1="2" ind2=" ">
         <marc:subfield code="a">David Hume Institute.</marc:subfield>
      </marc:datafield>
      <marc:datafield tag="830" ind1=" " ind2="0">
         <marc:subfield code="a">Hume papers on public policy ;</marc:subfield>
         <marc:subfield code="v">v. 5, no. 4</marc:subfield>
      </marc:datafield>
   </marc:record>