
   <marc:record>
      <marc:leader>04274nam a2201105 a 4500</marc:leader>
      <marc:controlfield tag="001">020015149</marc:controlfield>
      <marc:controlfield tag="008">000320s1999    mdua    s    f000|0 eng c</marc:controlfield>
      <marc:datafield tag="035" ind1=" " ind2=" ">
         <marc:subfield code="a">(OCoLC)43668682</marc:subfield>
      </marc:datafield>
      <marc:datafield tag="040" ind1=" " ind2=" ">
         <marc:subfield code="a">OLA</marc:subfield>
         <marc:subfield code="c">OLA</marc:subfield>
         <marc:subfield code="d">GPO</marc:subfield>
         <marc:subfield code="d">DLC</marc:subfield>
         <marc:subfield code="d">MvI</marc:subfield>
      </marc:datafield>
      <marc:datafield tag="042" ind1=" " ind2=" ">
         <marc:subfield code="a">pcc</marc:subfield>
      </marc:datafield>
      <marc:datafield tag="043" ind1=" " ind2=" ">
         <marc:subfield code="a">n-us---</marc:subfield>
      </marc:datafield>
      <marc:datafield tag="074" ind1=" " ind2=" ">
         <marc:subfield code="a">0275 (online)</marc:subfield>
      </marc:datafield>
      <marc:datafield tag="086" ind1="0" ind2=" ">
         <marc:subfield code="a">C 55.102:2001005779</marc:subfield>
      </marc:datafield>
      <marc:datafield tag="090" ind1=" " ind2=" ">
         <marc:subfield code="a">QC875.U6</marc:subfield>
         <marc:subfield code="b">U56 1999</marc:subfield>
      </marc:datafield>
      <marc:datafield tag="110" ind1="1" ind2=" ">
         <marc:subfield code="a">United States.</marc:subfield>
         <marc:subfield code="b">National Weather Service</marc:subfield>
      </marc:datafield>
      <marc:datafield tag="245" ind1="1" ind2="0">
         <marc:subfield code="a">Vision 2005 :</marc:subfield>
         <marc:subfield code="b">National Weather Service strategic plan for weather, water, and climate services, 2000-2005.</marc:subfield>
      </marc:datafield>
      <marc:datafield tag="246" ind1="3" ind2="0">
         <marc:subfield code="a">National Weather Service strategic plan for weather, water, and climate services, 2000-2005</marc:subfield>
      </marc:datafield>
      <marc:datafield tag="260" ind1=" " ind2=" ">
         <marc:subfield code="a">[Silver Spring, Md.?] :</marc:subfield>
         <marc:subfield code="b">U.S. Dept. of Commerce, National Oceanic and Atmospheric Administration, National Weather Service,</marc:subfield>
         <marc:subfield code="c">[1999]</marc:subfield>
      </marc:datafield>
      <marc:datafield tag="300" ind1=" " ind2=" ">
         <marc:subfield code="a">24 p. :</marc:subfield>
         <marc:subfield code="b">col. ill. ;</marc:subfield>
         <marc:subfield code="c">28 cm.</marc:subfield>
      </marc:datafield>
      <marc:datafield tag="500" ind1=" " ind2=" ">
         <marc:subfield code="a">Title from title screen.</marc:subfield>
      </marc:datafield>
      <marc:datafield tag="500" ind1=" " ind2=" ">
         <marc:subfield code="a">"August 1999."</marc:subfield>
      </marc:datafield>
      <marc:datafield tag="500" ind1=" " ind2=" ">
         <marc:subfield code="a">Not distributed to depository libraries in a physical form.</marc:subfield>
      </marc:datafield>
      <marc:datafield tag="530" ind1=" " ind2=" ">
         <marc:subfield code="a">Available via Internet from the NWS web site. Address as of 5/14/01: http://www.nws.noaa.gov/sp/strplan.htm; current access is available via PURL.</marc:subfield>
      </marc:datafield>
      <marc:datafield tag="538" ind1=" " ind2=" ">
         <marc:subfield code="a">Mode of access: Internet from the NWS web site. Address as of 5/14/01: http://www.nws.noaa.gov/sp/strplan.htm; current access is available via PURL.</marc:subfield>
      </marc:datafield>
      <marc:datafield tag="610" ind1="1" ind2="0">
         <marc:subfield code="a">United States.</marc:subfield>
         <marc:subfield code="b">National Weather Service</marc:subfield>
         <marc:subfield code="x">Planning.</marc:subfield>
      </marc:datafield>
      <marc:datafield tag="650" ind1=" " ind2="0">
         <marc:subfield code="a">Meteorological services</marc:subfield>
         <marc:subfield code="z">United States</marc:subfield>
         <marc:subfield code="x">Planning.</marc:subfield>
      </marc:datafield>
   </marc:record>