
   <marc:record>
      <marc:leader>04612nam a2201141 a 4500</marc:leader>
      <marc:controlfield tag="001">020015299</marc:controlfield>
      <marc:controlfield tag="008">000229s2000    dcu     sb   f000|0 eng  </marc:controlfield>
      <marc:datafield tag="010" ind1=" " ind2=" ">
         <marc:subfield code="a">   00301759 </marc:subfield>
      </marc:datafield>
      <marc:datafield tag="035" ind1=" " ind2=" ">
         <marc:subfield code="a">(OCoLC)44110617</marc:subfield>
      </marc:datafield>
      <marc:datafield tag="040" ind1=" " ind2=" ">
         <marc:subfield code="a">DLC</marc:subfield>
         <marc:subfield code="c">DLC</marc:subfield>
         <marc:subfield code="d">GPO</marc:subfield>
         <marc:subfield code="d">DLC</marc:subfield>
         <marc:subfield code="d">MvI</marc:subfield>
      </marc:datafield>
      <marc:datafield tag="050" ind1="0" ind2="0">
         <marc:subfield code="a">HD4966.C6</marc:subfield>
         <marc:subfield code="b">W34 2000</marc:subfield>
      </marc:datafield>
      <marc:datafield tag="074" ind1=" " ind2=" ">
         <marc:subfield code="a">0745-A-01 (online)</marc:subfield>
      </marc:datafield>
      <marc:datafield tag="082" ind1="0" ind2="0">
         <marc:subfield code="a">331.2/887/09049</marc:subfield>
         <marc:subfield code="2">21</marc:subfield>
      </marc:datafield>
      <marc:datafield tag="086" ind1="0" ind2=" ">
         <marc:subfield code="a">L 29.2:2000010547</marc:subfield>
      </marc:datafield>
      <marc:datafield tag="245" ind1="0" ind2="0">
         <marc:subfield code="a">Wages, benefits, poverty line, and meeting workers' needs in the apparel and footwear industries of selected countries /</marc:subfield>
         <marc:subfield code="c">U.S. Department of Labor, Bureau of International Labor Affairs.</marc:subfield>
      </marc:datafield>
      <marc:datafield tag="260" ind1=" " ind2=" ">
         <marc:subfield code="a">[Washington, D.C.] (Room S-5325, Constitution Ave., N.W., Washington 20210) :</marc:subfield>
         <marc:subfield code="b">The Bureau,</marc:subfield>
         <marc:subfield code="c">[2000]</marc:subfield>
      </marc:datafield>
      <marc:datafield tag="300" ind1=" " ind2=" ">
         <marc:subfield code="a">1 v. (various pagings) ;</marc:subfield>
         <marc:subfield code="c">28 cm.</marc:subfield>
      </marc:datafield>
      <marc:datafield tag="500" ind1=" " ind2=" ">
         <marc:subfield code="a">"February 2000."</marc:subfield>
      </marc:datafield>
      <marc:datafield tag="500" ind1=" " ind2=" ">
         <marc:subfield code="a">Not distributed to depository libraries in a physical form.</marc:subfield>
      </marc:datafield>
      <marc:datafield tag="500" ind1=" " ind2=" ">
         <marc:subfield code="a">Title from title screen.</marc:subfield>
      </marc:datafield>
      <marc:datafield tag="504" ind1=" " ind2=" ">
         <marc:subfield code="a">Includes bibliographical references.</marc:subfield>
      </marc:datafield>
      <marc:datafield tag="530" ind1=" " ind2=" ">
         <marc:subfield code="a">Available via Internet from the Bureau of International Labor Affairs web site (PDF version only). Address as of 4/30/01: http://www.dol.gov/dol/ilab/public/media/reports/oiea/wagestudy/wagestudy.pdf; current access is available via PURL.</marc:subfield>
      </marc:datafield>
      <marc:datafield tag="538" ind1=" " ind2=" ">
         <marc:subfield code="a">Mode of access: Internet from the Bureau of International Labor Affairs web site (PDF version only). Address as of 4/30/01: http://www.dol.gov/dol/ilab/public/media/reports/oiea/wagestudy/wagestudy.pdf; current access is available via PURL.</marc:subfield>
      </marc:datafield>
      <marc:datafield tag="650" ind1=" " ind2="0">
         <marc:subfield code="a">Employee fringe benefits.</marc:subfield>
      </marc:datafield>
      <marc:datafield tag="650" ind1=" " ind2="0">
         <marc:subfield code="a">Poverty.</marc:subfield>
      </marc:datafield>
      <marc:datafield tag="650" ind1=" " ind2="0">
         <marc:subfield code="a">Wages</marc:subfield>
         <marc:subfield code="x">Footwear industry</marc:subfield>
         <marc:subfield code="v">Case studies.</marc:subfield>
      </marc:datafield>
      <marc:datafield tag="650" ind1=" " ind2="0">
         <marc:subfield code="a">Wages</marc:subfield>
         <marc:subfield code="x">Clothing workers</marc:subfield>
         <marc:subfield code="v">Case studies.</marc:subfield>
      </marc:datafield>
      <marc:datafield tag="710" ind1="1" ind2=" ">
         <marc:subfield code="a">United States.</marc:subfield>
         <marc:subfield code="b">Bureau of International Labor Affairs.</marc:subfield>
      </marc:datafield>
   </marc:record>