
   <marc:record>
      <marc:leader>07438cam a2201717 a 4500</marc:leader>
      <marc:controlfield tag="001">020015347</marc:controlfield>
      <marc:controlfield tag="008">001128s1999    dcua         f000 0 eng c</marc:controlfield>
      <marc:datafield tag="010" ind1=" " ind2=" ">
         <marc:subfield code="a">00329737</marc:subfield>
      </marc:datafield>
      <marc:datafield tag="020" ind1=" " ind2=" ">
         <marc:subfield code="a">0160606047</marc:subfield>
      </marc:datafield>
      <marc:datafield tag="020" ind1=" " ind2=" ">
         <marc:subfield code="a">9780160606045</marc:subfield>
      </marc:datafield>
      <marc:datafield tag="035" ind1=" " ind2=" ">
         <marc:subfield code="a">(OCoLC)44648209</marc:subfield>
      </marc:datafield>
      <marc:datafield tag="040" ind1=" " ind2=" ">
         <marc:subfield code="a">OVP</marc:subfield>
         <marc:subfield code="b">eng</marc:subfield>
         <marc:subfield code="c">OVP</marc:subfield>
         <marc:subfield code="d">DLC</marc:subfield>
         <marc:subfield code="d">GPO</marc:subfield>
         <marc:subfield code="d">BTCTA</marc:subfield>
         <marc:subfield code="d">OCLCF</marc:subfield>
         <marc:subfield code="d">P4I</marc:subfield>
         <marc:subfield code="d">ORU</marc:subfield>
         <marc:subfield code="d">OCLCQ</marc:subfield>
         <marc:subfield code="d">OCLCO</marc:subfield>
      </marc:datafield>
      <marc:datafield tag="042" ind1=" " ind2=" ">
         <marc:subfield code="a">lccopycat</marc:subfield>
      </marc:datafield>
      <marc:datafield tag="043" ind1=" " ind2=" ">
         <marc:subfield code="a">n-us---</marc:subfield>
      </marc:datafield>
      <marc:datafield tag="049" ind1=" " ind2=" ">
         <marc:subfield code="a">FUGG</marc:subfield>
      </marc:datafield>
      <marc:datafield tag="050" ind1="0" ind2="0">
         <marc:subfield code="a">KF27</marc:subfield>
         <marc:subfield code="b">.I54924 1999e</marc:subfield>
      </marc:datafield>
      <marc:datafield tag="074" ind1=" " ind2=" ">
         <marc:subfield code="a">1017-A-01</marc:subfield>
      </marc:datafield>
      <marc:datafield tag="074" ind1=" " ind2=" ">
         <marc:subfield code="a">1017-A-01 (online)</marc:subfield>
      </marc:datafield>
      <marc:datafield tag="074" ind1=" " ind2=" ">
         <marc:subfield code="a">1017-B-01 (MF)</marc:subfield>
      </marc:datafield>
      <marc:datafield tag="074" ind1=" " ind2=" ">
         <marc:subfield code="a">1017-B-01 (online)</marc:subfield>
      </marc:datafield>
      <marc:datafield tag="086" ind1="0" ind2=" ">
         <marc:subfield code="a">Y 4.IN 8/16:OV 2/7</marc:subfield>
      </marc:datafield>
      <marc:datafield tag="088" ind1=" " ind2=" ">
         <marc:subfield code="a">Serial no. 106-51 (United States. Congress. House. Committee on International Relations)</marc:subfield>
      </marc:datafield>
      <marc:datafield tag="110" ind1="1" ind2=" ">
         <marc:subfield code="a">United States.</marc:subfield>
         <marc:subfield code="b">Congress.</marc:subfield>
         <marc:subfield code="b">House.</marc:subfield>
         <marc:subfield code="b">Committee on International Relations.</marc:subfield>
         <marc:subfield code="b">Subcommittee on International Economic Policy and Trade.</marc:subfield>
      </marc:datafield>
      <marc:datafield tag="245" ind1="1" ind2="0">
         <marc:subfield code="a">Hearing on reauthorization of OPIC :</marc:subfield>
         <marc:subfield code="b">hearing before the Subcommittee on International Economic Policy and Trade of the Committee on International Relations, House of Representatives, One Hundred Sixth Congress, first session, on April 14, 1999.</marc:subfield>
      </marc:datafield>
      <marc:datafield tag="260" ind1=" " ind2=" ">
         <marc:subfield code="a">Washington :</marc:subfield>
         <marc:subfield code="b">U.S. G.P.O. :</marc:subfield>
         <marc:subfield code="b">For sale by the Supt. of Docs., Congressional Sales Office, U.S. G.P.O.,</marc:subfield>
         <marc:subfield code="c">1999.</marc:subfield>
      </marc:datafield>
      <marc:datafield tag="300" ind1=" " ind2=" ">
         <marc:subfield code="a">iii, 68 pages :</marc:subfield>
         <marc:subfield code="b">illustrations ;</marc:subfield>
         <marc:subfield code="c">24 cm</marc:subfield>
      </marc:datafield>
      <marc:datafield tag="336" ind1=" " ind2=" ">
         <marc:subfield code="a">text</marc:subfield>
         <marc:subfield code="b">txt</marc:subfield>
         <marc:subfield code="2">rdacontent</marc:subfield>
      </marc:datafield>
      <marc:datafield tag="337" ind1=" " ind2=" ">
         <marc:subfield code="a">unmediated</marc:subfield>
         <marc:subfield code="b">n</marc:subfield>
         <marc:subfield code="2">rdamedia</marc:subfield>
      </marc:datafield>
      <marc:datafield tag="338" ind1=" " ind2=" ">
         <marc:subfield code="a">volume</marc:subfield>
         <marc:subfield code="b">nc</marc:subfield>
         <marc:subfield code="2">rdacarrier</marc:subfield>
      </marc:datafield>
      <marc:datafield tag="530" ind1=" " ind2=" ">
         <marc:subfield code="a">Also available via Internet from the GPO Access web site. Addresses as of 4/27/01: http://frwebgate.access.gpo.gov/cgi-bin/getdoc.cgi?dbname=106ẖouseẖearings &amp; docid=f:60297.wais (text version), http://frwebgate.access.gpo.gov/cgi-bin/getdoc.cgi?dbname=106ẖouseẖearings &amp; docid=f:60297.pdf (PDF version); current access is available via PURLs.</marc:subfield>
      </marc:datafield>
      <marc:datafield tag="500" ind1=" " ind2=" ">
         <marc:subfield code="a">Reuse of record except for individual research requires license from Congressional Information Service, Inc.</marc:subfield>
      </marc:datafield>
      <marc:datafield tag="500" ind1=" " ind2=" ">
         <marc:subfield code="a">"Serial no. 106-51."</marc:subfield>
      </marc:datafield>
      <marc:datafield tag="500" ind1=" " ind2=" ">
         <marc:subfield code="a">CIS Microfiche Accession Numbers: CIS 00 H461-28</marc:subfield>
      </marc:datafield>
      <marc:datafield tag="500" ind1=" " ind2=" ">
         <marc:subfield code="a">Reuse of record except for individual research requires license from LexisNexis Academic &amp; Library Solutions.</marc:subfield>
      </marc:datafield>
      <marc:datafield tag="500" ind1=" " ind2=" ">
         <marc:subfield code="a">Distributed to some depository libraries in microfiche.</marc:subfield>
      </marc:datafield>
      <marc:datafield tag="500" ind1=" " ind2=" ">
         <marc:subfield code="a">Shipping list no.: 2001-0176-P.</marc:subfield>
      </marc:datafield>
      <marc:datafield tag="583" ind1="1" ind2=" ">
         <marc:subfield code="a">committed to retain</marc:subfield>
         <marc:subfield code="c">20150901</marc:subfield>
         <marc:subfield code="d">committed to retain permanently</marc:subfield>
         <marc:subfield code="f">FLARE</marc:subfield>
         <marc:subfield code="f">FDLP</marc:subfield>
         <marc:subfield code="j">FSTO</marc:subfield>
      </marc:datafield>
      <marc:datafield tag="583" ind1="1" ind2=" ">
         <marc:subfield code="a">condition reviewed</marc:subfield>
         <marc:subfield code="c">20150901</marc:subfield>
         <marc:subfield code="f">FLARE</marc:subfield>
         <marc:subfield code="f">FDLP</marc:subfield>
         <marc:subfield code="j">FSTO</marc:subfield>
      </marc:datafield>
      <marc:datafield tag="610" ind1="2" ind2="0">
         <marc:subfield code="a">Overseas Private Investment Corporation.</marc:subfield>
      </marc:datafield>
      <marc:datafield tag="650" ind1=" " ind2="0">
         <marc:subfield code="a">Investment guaranty insurance</marc:subfield>
         <marc:subfield code="z">United States.</marc:subfield>
      </marc:datafield>
      <marc:datafield tag="650" ind1=" " ind2="0">
         <marc:subfield code="a">Investments, American</marc:subfield>
         <marc:subfield code="x">Law and legislation.</marc:subfield>
      </marc:datafield>
      <marc:datafield tag="610" ind1="2" ind2="7">
         <marc:subfield code="a">Overseas Private Investment Corporation.</marc:subfield>
         <marc:subfield code="2">fast</marc:subfield>
         <marc:subfield code="0">(OCoLC)fst00576888</marc:subfield>
      </marc:datafield>
      <marc:datafield tag="650" ind1=" " ind2="7">
         <marc:subfield code="a">Investment guaranty insurance.</marc:subfield>
         <marc:subfield code="2">fast</marc:subfield>
         <marc:subfield code="0">(OCoLC)fst01715854</marc:subfield>
      </marc:datafield>
      <marc:datafield tag="650" ind1=" " ind2="7">
         <marc:subfield code="a">Investments, American</marc:subfield>
         <marc:subfield code="x">Law and legislation.</marc:subfield>
         <marc:subfield code="2">fast</marc:subfield>
         <marc:subfield code="0">(OCoLC)fst00978321</marc:subfield>
      </marc:datafield>
      <marc:datafield tag="651" ind1=" " ind2="7">
         <marc:subfield code="a">United States.</marc:subfield>
         <marc:subfield code="2">fast</marc:subfield>
         <marc:subfield code="0">(OCoLC)fst01204155</marc:subfield>
      </marc:datafield>
   </marc:record>