
   <marc:record>
      <marc:leader>05756nam a2201429 a 4500</marc:leader>
      <marc:controlfield tag="001">020015539</marc:controlfield>
      <marc:controlfield tag="008">001024s2000    dcuab   sbs  f000|0 eng c</marc:controlfield>
      <marc:datafield tag="035" ind1=" " ind2=" ">
         <marc:subfield code="a">(OCoLC)45218164</marc:subfield>
      </marc:datafield>
      <marc:datafield tag="040" ind1=" " ind2=" ">
         <marc:subfield code="a">MDT</marc:subfield>
         <marc:subfield code="c">MDT</marc:subfield>
         <marc:subfield code="d">CBT</marc:subfield>
         <marc:subfield code="d">GPO</marc:subfield>
         <marc:subfield code="d">DLC</marc:subfield>
         <marc:subfield code="d">MvI</marc:subfield>
      </marc:datafield>
      <marc:datafield tag="042" ind1=" " ind2=" ">
         <marc:subfield code="a">pcc</marc:subfield>
      </marc:datafield>
      <marc:datafield tag="043" ind1=" " ind2=" ">
         <marc:subfield code="a">n------</marc:subfield>
      </marc:datafield>
      <marc:datafield tag="074" ind1=" " ind2=" ">
         <marc:subfield code="a">0982-N-01</marc:subfield>
      </marc:datafield>
      <marc:datafield tag="086" ind1="0" ind2=" ">
         <marc:subfield code="a">TD 12.2:2001001912</marc:subfield>
      </marc:datafield>
      <marc:datafield tag="088" ind1=" " ind2=" ">
         <marc:subfield code="a">BTS 00-05</marc:subfield>
      </marc:datafield>
      <marc:datafield tag="090" ind1=" " ind2=" ">
         <marc:subfield code="a">HE191.4</marc:subfield>
         <marc:subfield code="b">.N67 2000</marc:subfield>
      </marc:datafield>
      <marc:datafield tag="245" ind1="0" ind2="0">
         <marc:subfield code="a">North American transportation in figures.</marc:subfield>
      </marc:datafield>
      <marc:datafield tag="246" ind1="1" ind2="4">
         <marc:subfield code="a">Transporte de América del Norte en cifras</marc:subfield>
      </marc:datafield>
      <marc:datafield tag="246" ind1="1" ind2="4">
         <marc:subfield code="a">Statistiques des transports en Amérique du Nord</marc:subfield>
      </marc:datafield>
      <marc:datafield tag="250" ind1=" " ind2=" ">
         <marc:subfield code="a">English ed.</marc:subfield>
      </marc:datafield>
      <marc:datafield tag="260" ind1=" " ind2=" ">
         <marc:subfield code="a">[Washington, D.C. :</marc:subfield>
         <marc:subfield code="b">Bureau of Transportation Statistics,</marc:subfield>
         <marc:subfield code="c">2000]</marc:subfield>
      </marc:datafield>
      <marc:datafield tag="300" ind1=" " ind2=" ">
         <marc:subfield code="a">xxii, 390 p. :</marc:subfield>
         <marc:subfield code="b">ill., maps (some col.) ;</marc:subfield>
         <marc:subfield code="c">28 cm.</marc:subfield>
      </marc:datafield>
      <marc:datafield tag="500" ind1=" " ind2=" ">
         <marc:subfield code="a">Col. map (49 x 49 cm., folded to 25 x 17 cm.) inserted at end.</marc:subfield>
      </marc:datafield>
      <marc:datafield tag="500" ind1=" " ind2=" ">
         <marc:subfield code="a">Performed by U.S. Bureau of Transportation Statistics in cooperation with U.S. Census Bureau, Statistics Canada, Transport Canada, Instituto Mexicano del Transporte, Instituto Nacional de Estadística, Geografía e Informática, and Secretaría de Comunicaciones y Transportes.</marc:subfield>
      </marc:datafield>
      <marc:datafield tag="500" ind1=" " ind2=" ">
         <marc:subfield code="a">"BTS00-05."</marc:subfield>
      </marc:datafield>
      <marc:datafield tag="500" ind1=" " ind2=" ">
         <marc:subfield code="a">Title from title screen.</marc:subfield>
      </marc:datafield>
      <marc:datafield tag="504" ind1=" " ind2=" ">
         <marc:subfield code="a">Includes bibliographical references.</marc:subfield>
      </marc:datafield>
      <marc:datafield tag="530" ind1=" " ind2=" ">
         <marc:subfield code="a">Also available via Internet from the U.S. Census Bureau web site. Address as of 5/17/2001: http://www.census.gov/econ/www/natf/english.pdf; current access is available via PURL.</marc:subfield>
      </marc:datafield>
      <marc:datafield tag="538" ind1=" " ind2=" ">
         <marc:subfield code="a">Mode of access: Internet from the U.S. Census Bureau web site. Address as of 5/17/2001: http://www.census.gov/econ/www/natf/english.pdf; current access is available via PURL.</marc:subfield>
      </marc:datafield>
      <marc:datafield tag="650" ind1=" " ind2="0">
         <marc:subfield code="a">Transportation</marc:subfield>
         <marc:subfield code="z">Canada</marc:subfield>
         <marc:subfield code="v">Statistics.</marc:subfield>
      </marc:datafield>
      <marc:datafield tag="650" ind1=" " ind2="0">
         <marc:subfield code="a">Transportation</marc:subfield>
         <marc:subfield code="z">Mexico</marc:subfield>
         <marc:subfield code="v">Statistics.</marc:subfield>
      </marc:datafield>
      <marc:datafield tag="650" ind1=" " ind2="0">
         <marc:subfield code="a">Transportation</marc:subfield>
         <marc:subfield code="z">United States</marc:subfield>
         <marc:subfield code="v">Statistics.</marc:subfield>
      </marc:datafield>
      <marc:datafield tag="650" ind1=" " ind2="0">
         <marc:subfield code="a">Transportation</marc:subfield>
         <marc:subfield code="z">North America</marc:subfield>
         <marc:subfield code="v">Statistics.</marc:subfield>
      </marc:datafield>
      <marc:datafield tag="710" ind1="1" ind2=" ">
         <marc:subfield code="a">United States.</marc:subfield>
         <marc:subfield code="b">Bureau of Transportation Statistics.</marc:subfield>
      </marc:datafield>
      <marc:datafield tag="710" ind1="1" ind2=" ">
         <marc:subfield code="a">United States.</marc:subfield>
         <marc:subfield code="b">Bureau of the Census</marc:subfield>
      </marc:datafield>
      <marc:datafield tag="710" ind1="1" ind2=" ">
         <marc:subfield code="a">Mexico.</marc:subfield>
         <marc:subfield code="b">Secretaría de Comunicaciones y Transportes.</marc:subfield>
      </marc:datafield>
      <marc:datafield tag="710" ind1="1" ind2=" ">
         <marc:subfield code="a">Canada.</marc:subfield>
         <marc:subfield code="b">Transport Canada.</marc:subfield>
      </marc:datafield>
      <marc:datafield tag="710" ind1="2" ind2=" ">
         <marc:subfield code="a">Statistics Canada.</marc:subfield>
      </marc:datafield>
      <marc:datafield tag="710" ind1="2" ind2=" ">
         <marc:subfield code="a">Instituto Nacional de Estadística, Geografía e Informática (Mexico)</marc:subfield>
      </marc:datafield>
      <marc:datafield tag="710" ind1="2" ind2=" ">
         <marc:subfield code="a">Instituto Mexicano del Transporte.</marc:subfield>
      </marc:datafield>
   </marc:record>