
   <marc:record>
      <marc:leader>05487cam a2201393 a 4500</marc:leader>
      <marc:controlfield tag="001">020015978</marc:controlfield>
      <marc:controlfield tag="008">010214s2000    mdua     b   f000 0 eng  </marc:controlfield>
      <marc:datafield tag="016" ind1="7" ind2=" ">
         <marc:subfield code="a">101086975</marc:subfield>
         <marc:subfield code="2">DNLM</marc:subfield>
      </marc:datafield>
      <marc:datafield tag="019" ind1=" " ind2=" ">
         <marc:subfield code="a">79756445</marc:subfield>
      </marc:datafield>
      <marc:datafield tag="035" ind1=" " ind2=" ">
         <marc:subfield code="a">(OCoLC)45912751</marc:subfield>
      </marc:datafield>
      <marc:datafield tag="040" ind1=" " ind2=" ">
         <marc:subfield code="a">NLM</marc:subfield>
         <marc:subfield code="b">eng</marc:subfield>
         <marc:subfield code="c">NLM</marc:subfield>
         <marc:subfield code="d">SFR</marc:subfield>
         <marc:subfield code="d">GPO</marc:subfield>
         <marc:subfield code="d">COO</marc:subfield>
         <marc:subfield code="d">MDD</marc:subfield>
         <marc:subfield code="d">CGC</marc:subfield>
         <marc:subfield code="d">SYB</marc:subfield>
         <marc:subfield code="d">KMS</marc:subfield>
         <marc:subfield code="d">OCLCF</marc:subfield>
         <marc:subfield code="d">OCLCQ</marc:subfield>
         <marc:subfield code="d">OCLCO</marc:subfield>
      </marc:datafield>
      <marc:datafield tag="042" ind1=" " ind2=" ">
         <marc:subfield code="a">pcc</marc:subfield>
      </marc:datafield>
      <marc:datafield tag="043" ind1=" " ind2=" ">
         <marc:subfield code="a">n-us---</marc:subfield>
      </marc:datafield>
      <marc:datafield tag="050" ind1=" " ind2="4">
         <marc:subfield code="a">HV5825</marc:subfield>
         <marc:subfield code="b">.C53 2000</marc:subfield>
      </marc:datafield>
      <marc:datafield tag="060" ind1="0" ind2="0">
         <marc:subfield code="a">2001 B-497</marc:subfield>
      </marc:datafield>
      <marc:datafield tag="060" ind1="1" ind2="0">
         <marc:subfield code="a">WM 270</marc:subfield>
         <marc:subfield code="b">N287752c 2000</marc:subfield>
      </marc:datafield>
      <marc:datafield tag="074" ind1=" " ind2=" ">
         <marc:subfield code="a">0497-D-01</marc:subfield>
      </marc:datafield>
      <marc:datafield tag="074" ind1=" " ind2=" ">
         <marc:subfield code="a">0497-D-01 (online)</marc:subfield>
      </marc:datafield>
      <marc:datafield tag="082" ind1="0" ind2="4">
         <marc:subfield code="a">362.29</marc:subfield>
      </marc:datafield>
      <marc:datafield tag="086" ind1="0" ind2=" ">
         <marc:subfield code="a">HE 20.402:C 76/2/PANEL</marc:subfield>
      </marc:datafield>
      <marc:datafield tag="110" ind1="2" ind2=" ">
         <marc:subfield code="a">National Treatment Plan Initiative (U.S.)</marc:subfield>
      </marc:datafield>
      <marc:datafield tag="245" ind1="1" ind2="0">
         <marc:subfield code="a">Changing the conversation :</marc:subfield>
         <marc:subfield code="b">improving substance abuse treatment : the National Treatment Plan Initiative : panel reports, public hearings, and participant acknowledgements.</marc:subfield>
      </marc:datafield>
      <marc:datafield tag="246" ind1="3" ind2="0">
         <marc:subfield code="a">Improving substance abuse treatment</marc:subfield>
      </marc:datafield>
      <marc:datafield tag="246" ind1="3" ind2=" ">
         <marc:subfield code="a">Panel reports, public hearings, and participant acknowledgements</marc:subfield>
      </marc:datafield>
      <marc:datafield tag="246" ind1="1" ind2="7">
         <marc:subfield code="a">Changing the conversation : the National Treatment Plan Initiative</marc:subfield>
      </marc:datafield>
      <marc:datafield tag="260" ind1=" " ind2=" ">
         <marc:subfield code="a">[Rockville, Md.?] :</marc:subfield>
         <marc:subfield code="b">U.S. Dept. of Health and Human Services, Substance Abuse and Mental Health Services Administration, Center for Substance Abuse Treatment,</marc:subfield>
         <marc:subfield code="c">[2000]</marc:subfield>
      </marc:datafield>
      <marc:datafield tag="300" ind1=" " ind2=" ">
         <marc:subfield code="a">v, 244 pages :</marc:subfield>
         <marc:subfield code="b">illustrations ;</marc:subfield>
         <marc:subfield code="c">28 cm.</marc:subfield>
      </marc:datafield>
      <marc:datafield tag="336" ind1=" " ind2=" ">
         <marc:subfield code="a">text</marc:subfield>
         <marc:subfield code="b">txt</marc:subfield>
         <marc:subfield code="2">rdacontent</marc:subfield>
      </marc:datafield>
      <marc:datafield tag="337" ind1=" " ind2=" ">
         <marc:subfield code="a">unmediated</marc:subfield>
         <marc:subfield code="b">n</marc:subfield>
         <marc:subfield code="2">rdamedia</marc:subfield>
      </marc:datafield>
      <marc:datafield tag="338" ind1=" " ind2=" ">
         <marc:subfield code="a">volume</marc:subfield>
         <marc:subfield code="b">nc</marc:subfield>
         <marc:subfield code="2">rdacarrier</marc:subfield>
      </marc:datafield>
      <marc:datafield tag="490" ind1="1" ind2=" ">
         <marc:subfield code="a">DHHS publication ;</marc:subfield>
         <marc:subfield code="v">no. (SMA) 00-3479</marc:subfield>
      </marc:datafield>
      <marc:datafield tag="490" ind1="1" ind2=" ">
         <marc:subfield code="a">NCADI publication ;</marc:subfield>
         <marc:subfield code="v">no. BKD 382</marc:subfield>
      </marc:datafield>
      <marc:datafield tag="500" ind1=" " ind2=" ">
         <marc:subfield code="a">Shipping list no.: 2001-0080-P.</marc:subfield>
      </marc:datafield>
      <marc:datafield tag="500" ind1=" " ind2=" ">
         <marc:subfield code="a">"November 2000."</marc:subfield>
      </marc:datafield>
      <marc:datafield tag="504" ind1=" " ind2=" ">
         <marc:subfield code="a">Includes bibliographical references.</marc:subfield>
      </marc:datafield>
      <marc:datafield tag="530" ind1=" " ind2=" ">
         <marc:subfield code="a">Also available via Internet from the SAMHSA/CSAT web site. Address as of 04/27/01: http://permanent.access.gpo.gov/lps11524/ntp.pdf.</marc:subfield>
      </marc:datafield>
      <marc:datafield tag="650" ind1=" " ind2="0">
         <marc:subfield code="a">Substance abuse</marc:subfield>
         <marc:subfield code="x">Treatment</marc:subfield>
         <marc:subfield code="z">United States</marc:subfield>
         <marc:subfield code="x">Planning.</marc:subfield>
      </marc:datafield>
      <marc:datafield tag="650" ind1="1" ind2="2">
         <marc:subfield code="a">Substance-Related Disorders</marc:subfield>
         <marc:subfield code="x">therapy.</marc:subfield>
      </marc:datafield>
      <marc:datafield tag="650" ind1="2" ind2="2">
         <marc:subfield code="a">Health Planning Guidelines.</marc:subfield>
      </marc:datafield>
      <marc:datafield tag="650" ind1=" " ind2="7">
         <marc:subfield code="a">Substance abuse</marc:subfield>
         <marc:subfield code="x">Treatment</marc:subfield>
         <marc:subfield code="x">Planning.</marc:subfield>
         <marc:subfield code="2">fast</marc:subfield>
         <marc:subfield code="0">(OCoLC)fst01136845</marc:subfield>
      </marc:datafield>
      <marc:datafield tag="651" ind1=" " ind2="7">
         <marc:subfield code="a">United States.</marc:subfield>
         <marc:subfield code="2">fast</marc:subfield>
         <marc:subfield code="0">(OCoLC)fst01204155</marc:subfield>
      </marc:datafield>
      <marc:datafield tag="710" ind1="2" ind2=" ">
         <marc:subfield code="a">Center for Substance Abuse Treatment (U.S.)</marc:subfield>
      </marc:datafield>
      <marc:datafield tag="830" ind1=" " ind2="0">
         <marc:subfield code="a">DHHS publication ;</marc:subfield>
         <marc:subfield code="v">no. (SMA) 00-3479.</marc:subfield>
      </marc:datafield>
      <marc:datafield tag="830" ind1=" " ind2="0">
         <marc:subfield code="a">NCADI publication ;</marc:subfield>
         <marc:subfield code="v">no. BKD 382.</marc:subfield>
      </marc:datafield>
   </marc:record>