
   <marc:record>
      <marc:leader>02710cai a2200601Ia 4500</marc:leader>
      <marc:controlfield tag="001">020015995</marc:controlfield>
      <marc:controlfield tag="006">m        e        </marc:controlfield>
      <marc:controlfield tag="007">cr m||</marc:controlfield>
      <marc:controlfield tag="007">cr mn|||||||||</marc:controlfield>
      <marc:controlfield tag="008">990126c19829999aluwr d o     0    2eng d</marc:controlfield>
      <marc:datafield tag="019" ind1=" " ind2=" ">
         <marc:subfield code="a">44800819</marc:subfield>
      </marc:datafield>
      <marc:datafield tag="035" ind1=" " ind2=" ">
         <marc:subfield code="a">(OCoLC)40679101</marc:subfield>
      </marc:datafield>
      <marc:datafield tag="040" ind1=" " ind2=" ">
         <marc:subfield code="a">SUC</marc:subfield>
         <marc:subfield code="c">SUC</marc:subfield>
         <marc:subfield code="d">OCLCQ</marc:subfield>
         <marc:subfield code="d">BOS</marc:subfield>
         <marc:subfield code="d">LGG</marc:subfield>
         <marc:subfield code="d">FGM</marc:subfield>
      </marc:datafield>
      <marc:datafield tag="050" ind1=" " ind2="4">
         <marc:subfield code="a">HF5001</marc:subfield>
         <marc:subfield code="b">.B862</marc:subfield>
      </marc:datafield>
      <marc:datafield tag="245" ind1="0" ind2="0">
         <marc:subfield code="a">Business abstracts with full text</marc:subfield>
         <marc:subfield code="h">[electronic resource]</marc:subfield>
      </marc:datafield>
      <marc:datafield tag="246" ind1="1" ind2=" ">
         <marc:subfield code="i">Previous title:</marc:subfield>
         <marc:subfield code="a">Wilson business full text</marc:subfield>
      </marc:datafield>
      <marc:datafield tag="246" ind1="1" ind2="3">
         <marc:subfield code="i">Search screen title:</marc:subfield>
         <marc:subfield code="a">Business full text</marc:subfield>
      </marc:datafield>
      <marc:datafield tag="246" ind1="3" ind2="0">
         <marc:subfield code="a">Business abstracts</marc:subfield>
      </marc:datafield>
      <marc:datafield tag="260" ind1=" " ind2=" ">
         <marc:subfield code="3">&lt;2005-2011&gt;</marc:subfield>
         <marc:subfield code="a">Bronx, NY :</marc:subfield>
         <marc:subfield code="b">H.W. Wilson.</marc:subfield>
      </marc:datafield>
      <marc:datafield tag="310" ind1=" " ind2=" ">
         <marc:subfield code="a">Updated weekly</marc:subfield>
      </marc:datafield>
      <marc:datafield tag="500" ind1=" " ind2=" ">
         <marc:subfield code="a">"Wilson Business Abstracts ... is a bibliographic database that indexes and abstracts articles from 400 English-language periodicals published in the United States and elsewhere..." - Introduction.</marc:subfield>
      </marc:datafield>
      <marc:datafield tag="500" ind1=" " ind2=" ">
         <marc:subfield code="a">Title from search screen (viewed 14 Jan. 2004).</marc:subfield>
      </marc:datafield>
      <marc:datafield tag="500" ind1=" " ind2=" ">
         <marc:subfield code="a">Updated weekly.</marc:subfield>
      </marc:datafield>
      <marc:datafield tag="500" ind1=" " ind2=" ">
         <marc:subfield code="a">Indexing coverage begins July 1982 and is identical to Business periodicals index; abstracts are included beginning in January 1995.</marc:subfield>
      </marc:datafield>
      <marc:datafield tag="506" ind1=" " ind2=" ">
         <marc:subfield code="a">Access restricted to FSU community.</marc:subfield>
      </marc:datafield>
      <marc:datafield tag="520" ind1=" " ind2=" ">
         <marc:subfield code="a">"Contains full-text articles from hundreds of key publications, and provides access to product evaluations, interviews, biographical sketches, corporate profiles, obituaries, surveys, statistical rankings, book reviews and reports from associations, societies, trade shows, conferences and more"--EBSCO information screen.</marc:subfield>
      </marc:datafield>
      <marc:datafield tag="538" ind1=" " ind2=" ">
         <marc:subfield code="a">Mode of access: World Wide Web.</marc:subfield>
      </marc:datafield>
      <marc:datafield tag="650" ind1=" " ind2="0">
         <marc:subfield code="a">Business</marc:subfield>
         <marc:subfield code="x">Abstracts</marc:subfield>
         <marc:subfield code="v">Databases.</marc:subfield>
      </marc:datafield>
      <marc:datafield tag="650" ind1=" " ind2="0">
         <marc:subfield code="a">Business</marc:subfield>
         <marc:subfield code="v">Periodicals</marc:subfield>
         <marc:subfield code="v">Indexes.</marc:subfield>
      </marc:datafield>
      <marc:datafield tag="650" ind1=" " ind2="0">
         <marc:subfield code="a">Business</marc:subfield>
         <marc:subfield code="v">Periodicals</marc:subfield>
         <marc:subfield code="x">Indexes</marc:subfield>
         <marc:subfield code="x">Databases.</marc:subfield>
      </marc:datafield>
      <marc:datafield tag="655" ind1=" " ind2="7">
         <marc:subfield code="a">database</marc:subfield>
         <marc:subfield code="2">local</marc:subfield>
      </marc:datafield>
      <marc:datafield tag="710" ind1="2" ind2=" ">
         <marc:subfield code="a">H.W. Wilson Company.</marc:subfield>
      </marc:datafield>
      <marc:datafield tag="710" ind1="2" ind2=" ">
         <marc:subfield code="a">EBSCOhost (Online service)</marc:subfield>
      </marc:datafield>
   </marc:record>