
   <marc:record>
      <marc:leader>05076nam a2201225 a 4500</marc:leader>
      <marc:controlfield tag="001">020016167</marc:controlfield>
      <marc:controlfield tag="008">010228s2001    dcua    s    f000|0 eng d</marc:controlfield>
      <marc:datafield tag="035" ind1=" " ind2=" ">
         <marc:subfield code="a">(OCoLC)46346540</marc:subfield>
      </marc:datafield>
      <marc:datafield tag="040" ind1=" " ind2=" ">
         <marc:subfield code="a">FRG</marc:subfield>
         <marc:subfield code="c">FRG</marc:subfield>
         <marc:subfield code="d">GPO</marc:subfield>
         <marc:subfield code="d">DLC</marc:subfield>
         <marc:subfield code="d">MvI</marc:subfield>
      </marc:datafield>
      <marc:datafield tag="043" ind1=" " ind2=" ">
         <marc:subfield code="a">n-us---</marc:subfield>
      </marc:datafield>
      <marc:datafield tag="074" ind1=" " ind2=" ">
         <marc:subfield code="a">0745 (online)</marc:subfield>
      </marc:datafield>
      <marc:datafield tag="086" ind1="0" ind2=" ">
         <marc:subfield code="a">L 1.2:2001035349</marc:subfield>
      </marc:datafield>
      <marc:datafield tag="090" ind1=" " ind2=" ">
         <marc:subfield code="a">HD4965.5.U5</marc:subfield>
         <marc:subfield code="b">U55 2001</marc:subfield>
      </marc:datafield>
      <marc:datafield tag="100" ind1="1" ind2=" ">
         <marc:subfield code="a">Cohen, Malcolm S.</marc:subfield>
      </marc:datafield>
      <marc:datafield tag="245" ind1="1" ind2="4">
         <marc:subfield code="a">The "new economy" and its impact on executive, administrative, and professional exemptions to the Fair Labor Standards Act (FLSA) /</marc:subfield>
         <marc:subfield code="c">Malcolm S. Cohen and Donald R. Grimes.</marc:subfield>
      </marc:datafield>
      <marc:datafield tag="260" ind1=" " ind2=" ">
         <marc:subfield code="a">[Washington, D.C. :</marc:subfield>
         <marc:subfield code="b">U.S. Dept. of Labor,</marc:subfield>
         <marc:subfield code="c">2001]</marc:subfield>
      </marc:datafield>
      <marc:datafield tag="300" ind1=" " ind2=" ">
         <marc:subfield code="a">xiv, 115 p. :</marc:subfield>
         <marc:subfield code="b">ill. ;</marc:subfield>
         <marc:subfield code="c">28 cm.</marc:subfield>
      </marc:datafield>
      <marc:datafield tag="500" ind1=" " ind2=" ">
         <marc:subfield code="a">"January 2001"--Cover.</marc:subfield>
      </marc:datafield>
      <marc:datafield tag="500" ind1=" " ind2=" ">
         <marc:subfield code="a">Not distributed to depository libraries in a physical form.</marc:subfield>
      </marc:datafield>
      <marc:datafield tag="500" ind1=" " ind2=" ">
         <marc:subfield code="a">"Prepared for the University of Tennessee under a contract with the U.S. Dept of Labor, Employment Standards Administration, Wage and Hour Division."</marc:subfield>
      </marc:datafield>
      <marc:datafield tag="500" ind1=" " ind2=" ">
         <marc:subfield code="a">Title from title screen.</marc:subfield>
      </marc:datafield>
      <marc:datafield tag="530" ind1=" " ind2=" ">
         <marc:subfield code="a">Available via Internet from the U.S. Dept. of Labor Office of the Assistant Secretary for Policy web site. Address as of 5/14/01: http://www.dol.gov/dol/asp/public/programs/flsa/report-neweconomy/main.htm; current access is available via PURL.</marc:subfield>
      </marc:datafield>
      <marc:datafield tag="538" ind1=" " ind2=" ">
         <marc:subfield code="a">Mode of access: Internet from the U.S. Dept. of Labor Office of the Assistant Secretary for Policy web site. Address as of 5/14/01: http://www.dol.gov/dol/asp/public/programs/flsa/report-neweconomy/main.htm; current access is available via PURL.</marc:subfield>
      </marc:datafield>
      <marc:datafield tag="650" ind1=" " ind2="0">
         <marc:subfield code="a">Hours of labor</marc:subfield>
         <marc:subfield code="x">Law and legislation</marc:subfield>
         <marc:subfield code="z">United States.</marc:subfield>
      </marc:datafield>
      <marc:datafield tag="650" ind1=" " ind2="0">
         <marc:subfield code="a">Overtime</marc:subfield>
         <marc:subfield code="x">Law and legislation</marc:subfield>
         <marc:subfield code="z">United States.</marc:subfield>
      </marc:datafield>
      <marc:datafield tag="650" ind1=" " ind2="0">
         <marc:subfield code="a">Executives</marc:subfield>
         <marc:subfield code="x">Legal status, laws, etc.</marc:subfield>
         <marc:subfield code="z">United States.</marc:subfield>
      </marc:datafield>
      <marc:datafield tag="650" ind1=" " ind2="0">
         <marc:subfield code="a">Professions</marc:subfield>
         <marc:subfield code="x">Law and legislation</marc:subfield>
         <marc:subfield code="z">United States.</marc:subfield>
      </marc:datafield>
      <marc:datafield tag="700" ind1="1" ind2=" ">
         <marc:subfield code="a">Grimes, Donald R.</marc:subfield>
      </marc:datafield>
      <marc:datafield tag="710" ind1="1" ind2=" ">
         <marc:subfield code="a">United States.</marc:subfield>
         <marc:subfield code="b">Department of Labor</marc:subfield>
      </marc:datafield>
   </marc:record>
</marc:collection>
